% Le fameux legagneux
@article{legagneux2012,
  title={Disentangling trophic relationships in a High Arctic tundra ecosystem through food web modeling},
  author={Legagneux, P and Gauthier, G and Berteaux, D and B{\^e}ty, J and Cadieux, M-C and Bilodeau, F and Bolduc, E and McKinnon, L and Tarroux, A and Therrien, J-F and Morisette, L and Krebs, C J},
  journal={Ecology},
  volume={93},
  number={7},
  pages={1707--1716},
  year={2012},
  publisher={Wiley Online Library}
}

%long term monitoring Gauthier
@article{gauthier2013,
  title={Long-term monitoring at multiple trophic levels suggests heterogeneity in responses to climate change in the Canadian Arctic tundra},
  author={Gauthier, Gilles and B{\^e}ty, Jo{\"e}l and Cadieux, Marie-Christine and Legagneux, Pierre and Doiron, Madeleine and Chevallier, Cl{\'e}ment and Lai, Sandra and Tarroux, Arnaud and Berteaux, Dominique},
  journal={Philosophical Transactions of the Royal Society B: Biological Sciences},
  volume={368},
  number={1624},
  pages={20120482},
  year={2013},
  publisher={The Royal Society}
}

%Lemming trapping detailed methods
@article{fauteux2015,
  title={Seasonal demography of a cyclic lemming population in the Canadian Arctic},
  author={Fauteux, Dominique and Gauthier, Gilles and Berteaux, Dominique},
  journal={Journal of Animal Ecology},
  volume={84},
  number={5},
  pages={1412--1422},
  year={2015},
  publisher={Wiley Online Library}
}

%Methods of biodiversity transects and wetland nesting species monitoring
@article{duchesne2021,
  title={Variable strength of predator-mediated effects on species occurrence in an arctic terrestrial vertebrate community},
  author={Duchesne, {\'E}liane and Lamarre, Jean-Fran{\c{c}}ois and Gauthier, Gilles and Berteaux, Dominique and Gravel, Dominique and B{\^e}ty, Jo{\"e}l},
  journal={Ecography},
  volume={44},
  number={8},
  pages={1236--1248},
  year={2021},
  publisher={Wiley Online Library}
}

%Systematic survey of raptor nests
@article{beardsell2016,
  title={Nest site characteristics, patterns of nest reuse, and reproductive output in an Arctic-nesting raptor, the Rough-legged Hawk},
  author={Beardsell, Andr{\'e}anne and Gauthier, Gilles and Therrien, Jean-Fran{\c{c}}ois and B{\^e}ty, Jo{\"e}l},
  journal={The Auk: Ornithological Advances},
  volume={133},
  number={4},
  pages={718--732},
  year={2016},
  publisher={Oxford University Press}
}

%Nest of common-ringed plover found
@article{leandri2019,
  title={Seasonal variation in migration strategies used to cross ecological barriers in a nearctic migrant wintering in Africa},
  author={L{\'e}andri-Breton, Don-Jean and Lamarre, Jean-Fran{\c{c}}ois and B{\^e}ty, Jo{\"e}l},
  journal={Journal of Avian Biology},
  volume={50},
  number={6},
  year={2019},
  pages= {e02101},
  publisher={Wiley Online Library}
}

% Glaucous gull monitoring valley camp 1
@article{gauthier2015,
  title={Diet and reproductive success of an Arctic generalist predator: Interplay between variations in prey abundance, nest site location, and intraguild predation},
  author={Gauthier, Gilles and Legagneux, Pierre and Valiquette, Marc-Andr{\'e} and Cadieux, Marie-Christine and Therrien, Jean-Fran{\c{c}}ois},
  journal={The Auk: Ornithological Advances},
  volume={132},
  number={3},
  pages={735--747},
  year={2015},
  publisher={Oxford University Press}
}

% Average spatial overlap between foxes home range
@article{clermont2021,
  title={The predator activity landscape predicts the anti-predator behavior and distribution of prey in a tundra community},
  author={Clermont, Jeanne and Grenier-Potvin, Alexis and Duchesne, {\'E}liane and Couchoux, Charline and Dulude-de Broin, Fr{\'e}d{\'e}ric and Beardsell, Andr{\'e}anne and B{\^e}ty, Jo{\"e}l and Berteaux, Dominique},
  journal={Ecosphere},
  volume={12},
  number={12},
  pages={e03858},
  year={2021},
  publisher={Wiley Online Library}
}

% Density of goose on the island
@article{reed2002,
  title={Patterns of distribution and abundance of greater snow geese on Bylot Island, Nunavut, Canada 1983-1998},
  author={Reed, A and Hughes, R J and Boyd, H},
  journal={Wildfowl},
  volume={53},
  pages={53--65},
  year={2002}
}

% Fox densities in and out colony with high and low lemming densities
@article{dulude2023,
  title={Predator home range size mediates indirect interactions between prey species in an arctic vertebrate community},
  author={Dulude-de Broin, Fr{\'e}d{\'e}ric and Clermont, Jeanne and Beardsell, Andr{\'e}anne and Ouellet, Louis-Pierre and Legagneux, Pierre and B{\^e}ty, Jo{\"e}l and Berteaux, Dominique},
  journal={Journal of Animal Ecology},
  year={2023},
  volume= {92},
  number= {12},
  pages= {2373-2385},
  publisher={Wiley Online Library}
}

%Distance package
@Article{miller2019,
    title = {Distance Sampling in R},
    author = {David L. Miller and Eric Rexstad and Len Thomas and Laura Marshall and Jeffrey L. Laake},
    journal = {Journal of Statistical Software},
    year = {2019},
    volume = {89},
    number = {1},
    pages = {1--28}
  }

%Bylot monitoring 2023
@article{gauthier2024a,
  title={Long-term study of the tundra food web at a hotspot of Arctic biodiversity, the Bylot Island Field Station},
  author={Gauthier, Gilles and Cadieux, Marie-Christine and Berteaux, Dominique and B{\^e}ty, Jo{\"e}l and Fauteux, Dominique and Legagneux, Pierre and L{\'e}vesque, Esther and Gagnon, Caterine-Alexandra},
  journal={Arctic Science},
volume={10},
number={1},
pages={108--124},
  year={2024}
}

@article{gauthier2024b,
  title={Scientific contributions and lessons learned from 30 years of ecological monitoring of the Bylot Island tundra ecosystem},
  author={Gauthier, Gilles and Berteaux, Dominique and B{\^e}ty, Jo{\"e}l and Legagneux, Pierre and Fauteux, Dominique and Gravel, Dominique and Cadieux, Marie-Christine},
  journal={Frontiers in Ecology and Evolution},
  volume={12},
  pages={1359745},
  year={2024},
  publisher={Frontiers Media SA}
}

%density of parasitic jaeger
@mastersthesis{taylor1974,
	title={Summer population and food ecology of jaegers and snowy owls on Bathurst Island, NWT emphasizing the long-tailed jaeger},
 	author={Taylor, Philip Scott},
 	school={University of Alberta},
 	address={Edmonton, Alberta},
  	year={1974}
}

%Mammals and birds body mass
@article{wilman2014,
  title={EltonTraits 1.0: Species-level foraging attributes of the world's birds and mammals: Ecological Archives E095-178},
  author={Wilman, Hamish and Belmaker, Jonathan and Simpson, Jennifer and de la Rosa, Carolina and Rivadeneira, Marcelo M and Jetz, Walter},
  journal={Ecology},
  volume={95},
  number={7},
  pages={2027--2027},
  year={2014},
  publisher={Wiley Online Library}
}

%Snow goose monitoring Bylot
@misc{gauthier2020goose,
  title={Monitoring of Greater Snow Goose reproduction on Bylot Island, Nunavut, Canada},
  author={Gauthier, G and Cadieux, MC},
  howpublished={\href{https://nordicana.cen.ulaval.ca/dpage.aspx?doi=45570CE-2D00DCA728074FA7}{https://nordicana.cen.ulaval.ca/dpage.aspx?doi=45570CE-2D00DCA728074FA7}},
  year={2020}
}

%Avian predator monitoring Bylot
@misc{gauthier2020avianpred,
  title={Monitoring of avian predator reproduction on Bylot Island, Nunavut, Canada},
  author={Gauthier, G and Cadieux, MC and Seyer, Y and Therrien, JF},
  howpublished={\href{https://nordicana.cen.ulaval.ca/dpage.aspx?doi=45591AW-F9B906CC647948E0}{https://nordicana.cen.ulaval.ca/dpage.aspx?doi=45591AW-F9B906CC647948E0}},
  year={2020}
}

%Lemmings monitoring Bylot
@misc{gauthier2020lemmings,
  title={Lemming monitoring on Bylot Island, Nunavut, Canada},
  author={Gauthier, G},
  howpublished={\href{https://nordicana.cen.ulaval.ca/dpage.aspx?doi=45400AW-9891BD76704C4CE2}{https://nordicana.cen.ulaval.ca/dpage.aspx?doi=45400AW-9891BD76704C4CE2}},
  year={2020}
}

%Daily obs Bylot
@misc{gauthier2020daily,
  title={Relative abundance of tundra bird and mammal species encountered daily on Bylot Island, Nunavut, Canada, v. 1.0 (2007-2019)},
  author={Gauthier, G and Cadieux, MC},
  howpublished={\href{https://nordicana.cen.ulaval.ca/dpage.aspx?doi=45645CE-A24D883A6676492E}{https://nordicana.cen.ulaval.ca/dpage.aspx?doi=45645CE-A24D883A6676492E}},
  year={2020}
}


%Minimum arctic fox density camera traps
@mastersthesis{royerboutin2015,
  title={Effets des cycles de lemmings sur le succ{\`e}s de nidification d'oiseaux diff{\'e}rant par leur taille corporelle et leur comportement},
  author={Royer-Boutin, Pascal},
  year={2015},
  school={Universit{\'e} du Qu{\'e}bec {\`a} Rimouski},
  address={Rimouski, Qu√©bec},
}

% Fox equipped with ARGOS GPS
@article{lai2015,
  title={Spatio--temporal hotspots of satellite--tracked arctic foxes reveal a large detection range in a mammalian predator},
  author={Lai, Sandra and B{\^e}ty, Jo{\"e}l and Berteaux, Dominique},
  journal={Movement ecology},
  volume={3},
  number={37},
  pages={1--10},
  year={2015},
  publisher={BioMed Central}
}

% Lethal and live trapping lemmings
@article{fauteux2018,
  title={Evaluation of invasive and non-invasive methods to monitor rodent abundance in the Arctic},
  author={Fauteux, Dominique and , Gilles and Mazerolle, Marc J and Coallier, Nicolas and B{\^e}ty, Jo{\"e}l and Berteaux, Dominique},
  journal={Ecosphere},
  volume={9},
  number={2},
  pages={e02124},
  year={2018},
  publisher={Wiley Online Library}
}

%Long-tailed jaeger mesic nesting habitat
@article{andersson1971,
  title={Breeding behaviour of the Long-tailed Skua Stercorarius longicaudus (Vieillot)},
  author={Andersson, Malte},
  journal={Ornis Scandinavica},
  volume= {2},
  number= {1},
  pages={35--54},
  year={1971},
  publisher={JSTOR}
}

%American golden-plover mesic nesting habitat
@book{parmelee1967,
  title={The birds of southeastern Victoria Island and adjacent small islands},
  author={Parmelee, David Freeland and Stephens, HA and Schmidt, Richard H},
  number={78},
  year={1967},
  publisher={Queen's Printer}
}

%Ermine density David
@article{bolduc2023,
  title={Testimonials to reconstruct past abundances of wildlife populations},
  author={Bolduc, David and Fauteux, Dominique and Gagnon, Catherine A and Gauthier, Gilles and B{\^e}ty, Jo{\"e}l and Legagneux, Pierre},
  journal={Basic and Applied Ecology},
  volume={68},
  pages={23--34},
  year={2023},
  publisher={Elsevier}
}

%Fauteux daily obs lemming
@article{fauteux2018,
  title={Evaluation of invasive and non-invasive methods to monitor rodent abundance in the Arctic},
  author={Fauteux, Dominique and Gauthier, Gilles and Mazerolle, Marc J and Coallier, Nicolas and B{\^e}ty, Jo{\"e}l and Berteaux, Dominique},
  journal={Ecosphere},
  volume={9},
  number={2},
  pages={e02124},
  year={2018},
  publisher={Wiley Online Library}
}

%vertebrates species composition
@article{moisan2023,
  title={Scaling migrations to communities: An empirical case of migration network in the Arctic},
  author={Moisan, Louis and Gravel, Dominique and Legagneux, Pierre and Gauthier, Gilles and L{\'e}andri-Breton, Don-Jean and Somveille, Marius and Therrien, Jean-Fran{\c{c}}ois and Lamarre, Jean-Fran{\c{c}}ois and B{\^e}ty, Jo{\"e}l},
  journal={Frontiers in Ecology and Evolution},
  volume={10},
  pages={1077260},
  year={2023},
  publisher={Frontiers}
}

%Snow goose breeding association snowy owl
@article{lepage1996,
  title={Breeding-site infidelity in greater snow geese: a consequence of constraints on laying date?},
  author={Lepage, Denis and Gauthier, Gilles and Reed, Austin},
  journal={Canadian Journal of Zoology},
  volume={74},
  number={10},
  pages={1866--1875},
  year={1996},
  publisher={NRC Research Press Ottawa, Canada}
}


@article{seyer2020,
  title={Resource partitioning among avian predators of the Arctic tundra},
  author={Seyer, Yannick and Gauthier, Gilles and Fauteux, Dominique and Therrien, Jean-Fran{\c{c}}ois},
  journal={Journal of Animal Ecology},
  volume={89},
  number={12},
  pages={2934--2945},
  year={2020},
  publisher={Wiley Online Library}
}

@article{gruyer2008,
  title={Cyclic dynamics of sympatric lemming populations on Bylot Island, Nunavut, Canada},
  author={Gruyer, Nicolas and Gauthier, Gilles and Berteaux, Dominique},
  journal={Canadian Journal of Zoology},
  volume={86},
  number={8},
  pages={910--917},
  year={2008}
}

@article{christin2015,
  title={Evaluation of Argos telemetry accuracy in the High-Arctic and implications for the estimation of home-range size},
  author={Christin, Sylvain and St-Laurent, Martin-Hugues and Berteaux, Dominique},
  journal={PLoS One},
  volume={10},
  number={11},
  pages={e0141999},
  year={2015},
  publisher={Public Library of Science San Francisco, CA USA}
}


@article{seyer2020,
  title={Resource partitioning among avian predators of the Arctic tundra},
  author={Seyer, Yannick and Gauthier, Gilles and x, Dominique and Therrien, Jean-Fran{\c{c}}ois},
  journal={Journal of Animal Ecology},
  volume={89},
  number={12},
  pages={2934--2945},
  year={2020},
  publisher={Wiley Online Library}
}

 @Manual{dplyr,
    title = {dplyr: A Grammar of Data Manipulation},
    author = {Hadley Wickham and Romain Fran√ßois and Lionel Henry and Kirill M√ºller and Davis Vaughan},
    year = {2023},
    note = {R package version 1.1.4},
    url = {https://CRAN.R-project.org/package=dplyr},
  }
  
  @article{sf,
  title={Simple features for R: standardized support for spatial vector data},
  author={Pebesma, Edzer J and others},
  journal={The R Journal},
  volume={10},
  number={1},
  pages={439--446},
  year={2018}
}

@Manual{tidyr,
    title = {tidyr: Tidy Messy Data},
    author = {Hadley Wickham and Davis Vaughan and Maximilian Girlich},
    year = {2024},
    note = {R package version 1.3.1},
    url = {https://CRAN.R-project.org/package=tidyr},
  }

@Manual{stringr,
    title = {stringr: Simple, Consistent Wrappers for Common String Operations},
    author = {Hadley Wickham},
    year = {2023},
    note = {R package version 1.5.1},
    url = {https://CRAN.R-project.org/package=stringr},
  }
  
  @Manual{xtable,
    title = {xtable: Export Tables to LaTeX or HTML},
    author = {David B. Dahl and David Scott and Charles Roosen and Arni Magnusson and Jonathan Swinton},
    year = {2019},
    note = {R package version 1.8-4},
    url = {https://CRAN.R-project.org/package=xtable},
  }
  
  @Book{ggplot2,
    author = {Hadley Wickham},
    title = {ggplot2: Elegant Graphics for Data Analysis},
    publisher = {Springer-Verlag New York},
    year = {2016},
    isbn = {978-3-319-24277-4},
    url = {https://ggplot2.tidyverse.org},
  }

@Article{lme4,
    title = {Fitting Linear Mixed-Effects Models Using lme4},
    author = {Douglas Bates and Martin M{\"a}chler and Ben Bolker and Steve Walker},
    journal = {Journal of Statistical Software},
    year = {2015},
    volume = {67},
    number = {1},
    pages = {1--48}
  }
  
  @Manual{AICcmodavg,
    title = {AICcmodavg: Model selection and multimodel inference based on (Q)AIC(c)},
    author = {Marc J. Mazerolle},
    year = {2023},
    note = {R package version 2.3.3},
    url = {https://cran.r-project.org/package=AICcmodavg}
  }
  
  @Manual{scales,
    title = {scales: Scale Functions for Visualization},
    author = {Hadley Wickham and Thomas Lin Pedersen and Dana Seidel},
    year = {2023},
    note = {R package version 1.3.0},
    url = {https://CRAN.R-project.org/package=scales},
  }
  
   @Article{ggmap,
    author = {David Kahle and Hadley Wickham},
    title = {ggmap: Spatial Visualization with ggplot2},
    journal = {The R Journal},
    year = {2013},
    volume = {5},
    number = {1},
    pages = {144--161}
  }
  
@article{morrissette2010,
  title={Climate, trophic interactions, density dependence and carry-over effects on the population productivity of a migratory Arctic herbivorous bird},
  author={Morrissette, Manon and B{\^e}ty, Jo{\"e}l and Gauthier, Gilles and Reed, Austin and Lefebvre, Jos{\'e}e},
  journal={Oikos},
  volume={119},
  number={7},
  pages={1181--1191},
  year={2010},
  publisher={Wiley Online Library}
}

@article{david2017,
  title={Impacts of invasive species on food webs: a review of empirical data},
  author={David, Patrice and Thebault, Elisa and Anneville, Orlane and Duyck, P-F and Chapuis, Elodie and Loeuille, Nicolas},
  journal={Advances in ecological research},
  volume={56},
  pages={1--60},
  year={2017},
  publisher={Elsevier}
}

@article{hutchison2020,
  title={Seasonal food webs with migrations: multi-season models reveal indirect species interactions in the Canadian Arctic tundra},
  author={Hutchison, Chantal and Guichard, Fr{\'e}d{\'e}ric and Legagneux, Pierre and Gauthier, Gilles and B{\^e}ty, Jo{\"e}l and Berteaux, Dominique and Fauteux, Dominique and Gravel, Dominique},
  journal={Philosophical Transactions of the Royal Society A},
  volume={378},
  number={2181},
  pages={20190354},
  year={2020},
  publisher={The Royal Society Publishing}
}

@article{legagneux2014,
  title={Arctic ecosystem structure and functioning shaped by climate and herbivore body size},
  author={Legagneux, P and Gauthier, Gilles and Lecomte, N and Schmidt, Niels Martin and Reid, D and Cadieux, MC and Berteaux, D and Bety, Joel and Krebs, CJ and Ims, RA and Yoccoz, N G and Morrison, R I G and Leroux, S J and Loreau, M and Gravel, D},
  journal={Nature Climate Change},
  volume={4},
  pages={379--383},
  year={2014},
  publisher={Nature Publishing Group UK London}
}

@article{griffith2019,
  title={Ecological resilience of Arctic marine food webs to climate change},
  author={Griffith, Gary P and Hop, Haakon and Vihtakari, Mikko and Wold, Anette and Kalhagen, Kjersti and Gabrielsen, Geir Wing},
  journal={Nature Climate Change},
  volume={9},
  number={11},
  pages={868--872},
  year={2019},
  publisher={Nature Publishing Group UK London}
}

@article{goto2020,
  title={Shifting trophic control of fishery--ecosystem dynamics following biological invasions},
  author={Goto, Daisuke and Dunlop, Erin S and Young, Joelle D and Jackson, Donald A},
  journal={Ecological Applications},
  volume={30},
  number={8},
  pages={e02190},
  year={2020},
  publisher={Wiley Online Library}
}

@article{okey2004,
  title={A trophic model of a Gal{\'a}pagos subtidal rocky reef for evaluating fisheries and conservation strategies},
  author={Okey, Thomas A and Banks, Stuart and Born, Abraham F and Bustamante, Rodrigo H and Calvopi{\~n}a, M{\'o}nica and Edgar, Graham J and Espinoza, Eduardo and Fari{\~n}a, Jos{\'e} Miguel and Garske, Lauren E and Reck, G{\"u}nther K and Salazar, S and Shepherd, S and Toral-Granda, V and Wallem, P},
  journal={Ecological Modelling},
  volume={172},
  number={2-4},
  pages={383--401},
  year={2004},
  publisher={Elsevier}
}

@article{dahood2020,
  title={Evaluating Antarctic marine protected area scenarios using a dynamic food web model},
  author={Dahood, Adrian and de Mutsert, Kim and Watters, George M},
  journal={Biological conservation},
  volume={251},
  pages={108766},
  year={2020},
  publisher={Elsevier}
}

@incollection{ims2013,
  title={Terrestrial Ecosystems (Chapter 12)},
  author={Ims, Rolf and Ehrich, Dorothee and Forbes, Bruce and Huntley, Brian and Walker, Donald and Wookey, Philip A},
  editor= {Meltoffe, H and Josefson, A B and Payer, D},
  booktitle={Arctic Biodiversity Assessment: Status and trends in Arctic biodiversity},
  pages={385--440},
  year={2013},
  publisher={Conservation of Arctic Flora and Fauna (CAFF)}
}

@incollection{payer2013,
  title={Species Diversity in the Arctic (Chapter 2)},
  author={Payer, David C and Josefson, Alf B and Fjeldsa, Jon},
  editor= {Meltoffe, H and Josefson, A B and Payer, D},
  booktitle={Arctic Biodiversity Assessment: Status and trends in Arctic biodiversity},
  pages={67--77},
  year={2013},
  publisher={Conservation of Arctic Flora and Fauna (CAFF)}
}

@article{gauthier2011,
  title={The tundra food web of Bylot Island in a changing climate and the role of exchanges between ecosystems},
  author={Gauthier, Gilles and Berteaux, Dominique and B{\^e}ty, Jo{\"e}l and Tarroux, Arnaud and Therrien, Jean-Fran{\c{c}}ois and McKinnon, Laura and Legagneux, Pierre and Cadieux, Marie-Christine},
  journal={Ecoscience},
  volume={18},
  number={3},
  pages={223--235},
  year={2011},
  publisher={Taylor \& Francis}
}

@article{lai2022,
  title={Red foxes at their northern edge: competition with the Arctic fox and winter movements},
  author={Lai, Sandra and Warret Rodrigues, Chlo{\'e} and Gallant, Daniel and Roth, James D and Berteaux, Dominique},
  journal={Journal of Mammalogy},
  volume={103},
  number={3},
  pages={586--597},
  year={2022},
  publisher={Oxford University Press US}
}

@article{kemp1990,
  title={Patterns of vegetation and grasshopper community composition},
  author={Kemp, WP and Harvey, SJ and O'neill, KM},
  journal={Oecologia},
  volume={83},
  pages={299--308},
  year={1990},
  publisher={Springer}
}

@article{philippi1998,
  title={Detecting trends in species composition},
  author={Philippi, Thomas E and Dixon, Philip M and Taylor, Barbara E},
  journal={Ecological applications},
  volume={8},
  number={2},
  pages={300--308},
  year={1998},
  publisher={Wiley Online Library}
}

@article{magurran2007,
  title={Species abundance distributions over time},
  author={Magurran, Anne E},
  journal={Ecology letters},
  volume={10},
  number={5},
  pages={347--354},
  year={2007},
  publisher={Wiley Online Library}
}

@article{cohen2003,
  title={Ecological community description using the food web, species abundance, and body size},
  author={Cohen, Joel E and Jonsson, Tomas and Carpenter, Stephen R},
  journal={Proceedings of the national academy of sciences},
  volume={100},
  number={4},
  pages={1781--1786},
  year={2003},
  publisher={National Acad Sciences}
}

@book{hubbell2001,
title = {The Unified Neutral Theory of Biodiversity and Biogeography},
author = {Stephen P. Hubbell},
publisher = {Princeton University Press},
address = {Princeton},
isbn = {9781400837526},
year = {2001}
}

@article{mccann2005,
  title={The dynamics of spatially coupled food webs},
  author={McCann, Kevin S and Rasmussen, JB and Umbanhowar, James},
  journal={Ecology letters},
  volume={8},
  number={5},
  pages={513--523},
  year={2005},
  publisher={Wiley Online Library}
}

@article{magurran2010,
  title={Long-term datasets in biodiversity research and monitoring: assessing change in ecological communities through time},
  author={Magurran, Anne E and Baillie, Stephen R and Buckland, Stephen T and Dick, Jan McP and Elston, David A and Scott, E Marian and Smith, Rognvald I and Somerfield, Paul J and Watt, Allan D},
  journal={Trends in ecology \& evolution},
  volume={25},
  number={10},
  pages={574--582},
  year={2010},
  publisher={Elsevier}
}

@article{lindenmayer2012,
  title={Value of long-term ecological studies},
  author={Lindenmayer, David B and Likens, Gene E and Andersen, Alan and Bowman, David and Bull, C Michael and Burns, Emma and Dickman, Chris R and Hoffmann, Ary A and Keith, David A and Liddell, Michael J and Lowe, A J and Metcalfe, D J and Phinn, S R and Russel-smith, J and Thurgate, N and Wardle, G M},
  journal={Austral Ecology},
  volume={37},
  number={7},
  pages={745--757},
  year={2012},
  publisher={Wiley Online Library}
}

@article{gauthier2011,
  title={The tundra food web of Bylot Island in a changing climate and the role of exchanges between ecosystems},
  author={Gauthier, Gilles and Berteaux, Dominique and B{\^e}ty, Jo{\"e}l and Tarroux, Arnaud and Therrien, Jean-Fran{\c{c}}ois and McKinnon, Laura and Legagneux, Pierre and Cadieux, Marie-Christine},
  journal={Ecoscience},
  volume={18},
  number={3},
  pages={223--235},
  year={2011},
  publisher={Taylor \& Francis}
}

@article{krebs2003,
  title={Terrestrial trophic dynamics in the Canadian Arctic},
  author={Krebs, Charles J and Danell, Kjell and Angerbj{\"o}rn, Anders and Agrell, Jep and Berteaux, Dominique and Br{\aa}then, Kari Anne and Danell, {\"O}je and Erlinge, Sam and Fedorov, Vadim and Fredga, Karl and Hj{\"a}lt{\'e}n, J and H{\"o}gstedt, G and J{\'o}nsd{\'o}ttir, I S and  Kenney, Alice J and  Kjell{\'e}n, Nils and  Nordin, Torgny and Roininen, Heikki and Svensson, Mikael and Tannerfeldt, Magnus and Wiklund, Christer},
  journal={Canadian journal of Zoology},
  volume={81},
  number={5},
  pages={827--843},
  year={2003},
  publisher={NRC Research Press Ottawa, Canada}
}

@article{lamarre2021,
  title={Timing of breeding site availability across the North-American Arctic partly determines spring migration schedule in a long-distance neotropical migrant},
  author={Lamarre, Jean-Fran{\c{c}}ois and Gauthier, Gilles and Lanctot, Richard B and Saalfeld, Sarah T and Love, Oliver P and Reed, Eric and Johnson, Oscar W and Liebezeit, Joe and McGuire, Rebecca and Russell, Mike and Nol, E and Koloski, L and Sanders, F and McKinnon, L and Smith, P A and Flemming, S A and Lecomte, N and Giroux, M A and Bauer, S and Emmenegger, T and B{\^e}ty, Jo{\"e}l},
  journal={Frontiers in Ecology and Evolution},
  volume={9},
  pages={710007},
  year={2021},
  publisher={Frontiers Media SA}
}

@article{leandri2019,
  title={Seasonal variation in migration strategies used to cross ecological barriers in a nearctic migrant wintering in Africa},
  author={L{\'e}andri-Breton, Don-Jean and Lamarre, Jean-Fran{\c{c}}ois and B{\^e}ty, Jo{\"e}l},
  journal={Journal of avian biology},
  volume={50},
  number={6},
  year={2019},
  publisher={Wiley Online Library}
}

@article{therrien2012,
  title={Survival and reproduction of adult snowy owls tracked by satellite},
  author={Therrien, Jean-Fran{\c{c}}ois and Gauthier, Gilles and B{\^e}ty, Jo{\"e}l},
  journal={The Journal of Wildlife Management},
  volume={76},
  number={8},
  pages={1562--1567},
  year={2012},
  publisher={Wiley Online Library}
}

@article{robillard2018,
  title={Wintering space use and site fidelity in a nomadic species, the snowy owl},
  author={Robillard, Audrey and Gauthier, Gilles and Therrien, Jean-Fran{\c{c}}ois and B{\^e}ty, Jo{\"e}l},
  journal={Journal of Avian Biology},
  volume={49},
  number={5},
  pages={jav--01707},
  year={2018},
  publisher={Wiley Online Library}
}

@article{gauthier2015,
  title={Diet and reproductive success of an Arctic generalist predator: Interplay between variations in prey abundance, nest site location, and intraguild predation},
  author={Gauthier, Gilles and Legagneux, Pierre and Valiquette, Marc-Andr{\'e} and Cadieux, Marie-Christine and Therrien, Jean-Fran{\c{c}}ois},
  journal={The Auk: Ornithological Advances},
  volume={132},
  number={3},
  pages={735--747},
  year={2015},
  publisher={Oxford University Press}
}

@article{seyer2019,
  title={Sexing a monomorphic plumage seabird using morphometrics and assortative mating},
  author={Seyer, Yannick and Gauthier, Gilles and Bernatchez, Louis and Therrien, Jean-Fran{\c{c}}ois},
  journal={Waterbirds},
  volume={42},
  number={4},
  pages={380--392},
  year={2019},
  publisher={BioOne}
}

@article{lecomte2008,
  title={Breeding dispersal in a heterogeneous landscape: the influence of habitat and nesting success in greater snow geese},
  author={Lecomte, Nicolas and Gauthier, Gilles and Giroux, Jean-Fran{\c{c}}ois},
  journal={Oecologia},
  volume={155},
  pages={33--41},
  year={2008},
  publisher={Springer}
}


@mastersthesis{bilodeau2013,
  title={Effet du couvert nival, de la nourriture et de la pr{\'e}dation hivernale sur la dynamique de population des lemmings},
  author={Bilodeau, Fr{\'e}d{\'e}ric},
  year={2013},
  school= {Universit{\'e} Laval},
  address= {Qu√©bec, Qu√©bec}
}

@article{brown1990,
  title={Temporal changes in a Chihuahuan Desert rodent community},
  author={Brown, James H and Heske, Edward J},
  journal={Oikos},
  pages={290--302},
  volume= {59},
  number= {3},
  year={1990},
  publisher={JSTOR}
}


@article{snyder2006,
  title={Multi-scale temporal variation in water availability: implications for vegetation dynamics in arid and semi-arid ecosystems},
  author={Snyder, KA and Tartowski, SL},
  journal={Journal of Arid Environments},
  volume={65},
  number={2},
  pages={219--234},
  year={2006},
  publisher={Elsevier}
}


@book{klassen1993,
  title={Quaternary geology and glacial history of Bylot Island, Northwest Territories},
  author={Klassen, RA},
  volume={429},
  year={1993},
  publisher={Geological Survey of Canada}
}

@misc{gill2024,
  title={IOC World Bird List (v14. 2)},
  author={Gill, F and Donsker, D and Rasmussen, P},
  year={2024},
  doi={10.14344/IOC.ML.14.1},
  publisher={ML}
}

@misc{MammalDiversityDatabase,
  title={Mammal Diversity Database},
  author={Upham, Nathan and Burgin, Connor and Widness, Jane and Liphardt, Schuyler and Parker, Camila and Becker, Madeleine and Rochon, Ingrid and Huckaby, David and Zijlstra, Jelle},
  year={2024},
  publisher={Version 1.13},
  doi= {10.5281/zenodo.12738010}
}

@article{colella2021,
  title={Extrinsically reinforced hybrid speciation within Holarctic ermine (Mustela spp.) produces an insular endemic},
  author={Colella, Jocelyn P and Frederick, Lindsey M and Talbot, Sandra L and Cook, Joseph A},
  journal={Diversity and Distributions},
  volume={27},
  number={4},
  pages={747--762},
  year={2021},
  publisher={Wiley Online Library}
}

@book{plaganyi2007,
  title={Models for an ecosystem approach to fisheries},
  author={Plag{\'a}nyi, {\'E}va E},
  year={2007},
  publisher={Food and Agriculture Organization of the united nations}
}

@misc{bylotclimate,
author= {{Centre of Northern Studies} and {Laval University}},
year= {2019},
  title = {Long-term climate observations on Bylot Island},
  howpublished = {\url{https://bylot.cen.ulaval.ca/en/climatetrend.php}},
  note = {Accessed: 2024-10-03}
}
