% Le fameux legagneux
@article{legagneux2012,
  title={Disentangling trophic relationships in a High Arctic tundra ecosystem through food web modeling},
  author={Legagneux, P and Gauthier, Gilles and Berteaux, D and B{\^e}ty, J and Cadieux, M-C and Bilodeau, Frederic and Bolduc, E and McKinnon, L and Tarroux, A and Therrien, J-F and others},
  journal={Ecology},
  volume={93},
  number={7},
  pages={1707--1716},
  year={2012},
  publisher={Wiley Online Library}
}

%long term monitoring Gauthier
@article{gauthier2013,
  title={Long-term monitoring at multiple trophic levels suggests heterogeneity in responses to climate change in the Canadian Arctic tundra},
  author={Gauthier, Gilles and B{\^e}ty, Jo{\"e}l and Cadieux, Marie-Christine and Legagneux, Pierre and Doiron, Madeleine and Chevallier, Cl{\'e}ment and Lai, Sandra and Tarroux, Arnaud and Berteaux, Dominique},
  journal={Philosophical Transactions of the Royal Society B: Biological Sciences},
  volume={368},
  number={1624},
  pages={20120482},
  year={2013},
  publisher={The Royal Society}
}

@report{cadieux2023,
  title={Population study of Greater Snow geese and its nesting habitat on Bylot island, Nunavut in 2022: a progress report},
  author={Cadieux, Marie-Christine and Gauthier, Gilles and  Lefebvre, Jos{\'e}e and Fauteux, Dominique and B{\^e}ty, Jo{\"e}l and Berteaux, Dominique and Legagneux, Pierre},
  institution={Laval University, Qu{\'e}bec, QC, Canada},
  year={2023}
}

%proportion of 85 % mesic and 15 % wet
@article{masse2001,
  title={Carrying capacity of wetland habitats used by breeding greater snow geese},
  author={Mass{\'e}, H{\'e}l{\`e}ne and Rochefort, Line and Gauthier, Gilles},
  journal={The Journal of wildlife management},
  pages={271--281},
  year={2001},
  publisher={JSTOR}
}

%Lemming trapping detailed methods
@article{fauteux2015,
  title={Seasonal demography of a cyclic lemming population in the c anadian a rctic},
  author={Fauteux, Dominique and Gauthier, Gilles and Berteaux, Dominique},
  journal={Journal of Animal Ecology},
  volume={84},
  number={5},
  pages={1412--1422},
  year={2015},
  publisher={Wiley Online Library}
}

%Methods of biodiversity transects and wetland nesting species monitoring
@article{duchesne2021,
  title={Variable strength of predator-mediated effects on species occurrence in an arctic terrestrial vertebrate community},
  author={Duchesne, {\'E}liane and Lamarre, Jean-Fran{\c{c}}ois and Gauthier, Gilles and Berteaux, Dominique and Gravel, Dominique and B{\^e}ty, Jo{\"e}l},
  journal={Ecography},
  volume={44},
  number={8},
  pages={1236--1248},
  year={2021},
  publisher={Wiley Online Library}
}

%Systematic survey of raptor nests
@article{beardsell2016,
  title={Nest site characteristics, patterns of nest reuse, and reproductive output in an Arctic-nesting raptor, the Rough-legged Hawk},
  author={Beardsell, Andr{\'e}anne and Gauthier, Gilles and Therrien, Jean-Fran{\c{c}}ois and B{\^e}ty, Jo{\"e}l},
  journal={The Auk: Ornithological Advances},
  volume={133},
  number={4},
  pages={718--732},
  year={2016},
  publisher={Oxford University Press}
}

%Nest of common-ringed plover found
@article{leandri2019,
  title={Seasonal variation in migration strategies used to cross ecological barriers in a nearctic migrant wintering in Africa},
  author={L{\'e}andri-Breton, Don-Jean and Lamarre, Jean-Fran{\c{c}}ois and B{\^e}ty, Jo{\"e}l},
  journal={Journal of Avian Biology},
  volume={50},
  number={6},
  year={2019},
  publisher={Wiley Online Library}
}

% Glaucous gull monitoring valley camp 1
@article{gauthier2015,
  title={Diet and reproductive success of an Arctic generalist predator: Interplay between variations in prey abundance, nest site location, and intraguild predation},
  author={Gauthier, Gilles and Legagneux, Pierre and Valiquette, Marc-Andr{\'e} and Cadieux, Marie-Christine and Therrien, Jean-Fran{\c{c}}ois},
  journal={The Auk: Ornithological Advances},
  volume={132},
  number={3},
  pages={735--747},
  year={2015},
  publisher={Oxford University Press}
}

% Average spatial overlap between foxes home range
@article{clermont2021,
  title={The predator activity landscape predicts the anti-predator behavior and distribution of prey in a tundra community},
  author={Clermont, Jeanne and Grenier-Potvin, Alexis and Duchesne, {\'E}liane and Couchoux, Charline and Dulude-de Broin, Fr{\'e}d{\'e}ric and Beardsell, Andr{\'e}anne and B{\^e}ty, Jo{\"e}l and Berteaux, Dominique},
  journal={Ecosphere},
  volume={12},
  number={12},
  pages={e03858},
  year={2021},
  publisher={Wiley Online Library}
}

% Density of goose on the island
@article{reed2002,
  title={Patterns of distribution and abundance of greater snow geese on Bylot Island, Nunavut, Canada 1983-1998},
  author={Reed, A and Hughes, RJ and Boyd, H},
  journal={Wildfowl},
  volume={53},
  number={53},
  pages={53--65},
  year={2002}
}

% Fox densities in and out colony with high and low lemming densities
@article{dulude2023,
  title={Predator home range size mediates indirect interactions between prey species in an arctic vertebrate community},
  author={Dulude-de Broin, Fr{\'e}d{\'e}ric and Clermont, Jeanne and Beardsell, Andr{\'e}anne and Ouellet, Louis-Pierre and Legagneux, Pierre and B{\^e}ty, Jo{\"e}l and Berteaux, Dominique},
  journal={Journal of Animal Ecology},
  year={2023},
  publisher={Wiley Online Library}
}

%Distance package
@Article{miller2019,
    title = {Distance Sampling in {R}},
    author = {David L. Miller and Eric Rexstad and Len Thomas and Laura Marshall and Jeffrey L. Laake},
    journal = {Journal of Statistical Software},
    year = {2019},
    volume = {89},
    number = {1},
    pages = {1--28},
    doi = {10.18637/jss.v089.i01},
  }
  
% Arctic hare densities 
 @article{dalerum2017,
  title={Spatial variation in Arctic hare (Lepus arcticus) populations around the Hall Basin},
  author={Dalerum, Fredrik and Dal{\'e}n, Love and Fr{\"o}jd, Christina and Lecomte, Nicolas and Lindgren, {\AA}sa and Meijer, Tomas and Pecnerova, Patricia and Angerbj{\"o}rn, Anders},
  journal={Polar Biology},
  volume={40},
  pages={2113--2118},
  year={2017},
  publisher={Springer}
}

% Waterfowl nesting density aerial survey 2011
@report{larned2012,
  title={Waterfowl breeding population survey Arctic coastal plain, Alaska 2011},
  author={Larned, William and Stehn, Robert and Platte, Robert},
  institution={US Fish and Wildlife Service Division of Migratory Bird Management Report},
  year={2012}
}

% Waterfowl nesting density aerial survey 2005
@report{larned2005,
  title={Eider breeding population survey, Arctic Coastal Plain, Alaska, 2005},
  author={Larned, William W and Stehn, Robert A and Platte, Robert M},
  year={2005},
  institution={US Fish and Wildlife Service, Migratory Bird Management, Waterfowl Mgt. Branch}
}

%rock ptarmigan svalbard densities
@article{pedersen2012,
  title={Monitoring Svalbard rock ptarmigan: distance sampling and occupancy modeling},
  author={Pedersen, {\AA}shild {\O} and B{\aa}rdsen, B{\aa}rd-J{\o}rgen and Yoccoz, Nigel G and Lecomte, Nicolas and Fuglei, Eva},
  journal={The Journal of Wildlife Management},
  volume={76},
  number={2},
  pages={308--316},
  year={2012},
  publisher={Wiley Online Library}
}

%Bylot monitoring 2023
@article{gauthier2024a,
  title={Long-term study of the tundra food web at a hotspot of Arctic biodiversity, the Bylot Island Field Station},
  author={Gauthier, Gilles and Cadieux, Marie-Christine and Berteaux, Dominique and B{\^e}ty, Jo{\"e}l and Fauteux, Dominique and Legagneux, Pierre and L{\'e}vesque, Esther and Gagnon, Caterine-Alexandra},
  journal={Arctic Science},
  number={ja},
  year={2024}
}

@article{gauthier2024b,
  title={Scientific contributions and lessons learned from 30 years of ecological monitoring of the Bylot Island tundra ecosystem},
  author={Gauthier, Gilles and Berteaux, Dominique and B{\^e}ty, Jo{\"e}l and Legagneux, Pierre and Fauteux, Dominique and Gravel, Dominique and Cadieux, Marie-Christine},
  journal={Frontiers in Ecology and Evolution},
  volume={12},
  pages={1359745},
  year={2024},
  publisher={Frontiers Media SA}
}

%density of parasitic jaeger
@mastersthesis{taylor1974,
	title={Summer population and food ecology of jaegers and snowy owls on Bathurst Island, NWT emphasizing the long-tailed jaeger},
 	author={Taylor, Philip Scott},
 	school={University of Alberta},
 	address={Edmonton, Alberta},
  	year={1974}
}

%Mammals and birds body mass
@article{wilman2014,
  title={EltonTraits 1.0: Species-level foraging attributes of the world's birds and mammals: Ecological Archives E095-178},
  author={Wilman, Hamish and Belmaker, Jonathan and Simpson, Jennifer and de la Rosa, Carolina and Rivadeneira, Marcelo M and Jetz, Walter},
  journal={Ecology},
  volume={95},
  number={7},
  pages={2027--2027},
  year={2014},
  publisher={Wiley Online Library}
}

%Snow goose monitoring Bylot
@misc{gauthier2020goose,
  title={Monitoring of Greater Snow Goose reproduction on Bylot Island, Nunavut, Canada},
  author={Gauthier, G and Cadieux, MC},
  howpublished={\href{https://nordicana.cen.ulaval.ca/dpage.aspx?doi=45570CE-2D00DCA728074FA7}{https://nordicana.cen.ulaval.ca/dpage.aspx?doi=45570CE-2D00DCA728074FA7}},
  year={2020}
}

%Avian predator monitoring Bylot
@misc{gauthier2020avianpred,
  title={Monitoring of avian predator reproduction on Bylot Island, Nunavut, Canada},
  author={Gauthier, G and Cadieux, MC and Seyer, Y and Therrien, JF},
  howpublished={\href{https://nordicana.cen.ulaval.ca/dpage.aspx?doi=45591AW-F9B906CC647948E0}{https://nordicana.cen.ulaval.ca/dpage.aspx?doi=45591AW-F9B906CC647948E0}},
  year={2020}
}

%Shorebirds monitoring Bylot
@misc{bety2020,
  title={Monitoring of shorebirds reproduction on Bylot Island, Nunavut, Canada},
  author={B{\^e}ty, Jo{\"e}l},
  howpublished={\href{https://nordicana.cen.ulaval.ca/dpage.aspx?doi=45582CE-9C59423742194D52}{https://nordicana.cen.ulaval.ca/dpage.aspx?doi=45582CE-9C59423742194D52}},
  year={2020}
}

%Lalpland longspur monitoring Bylot
@misc{gauthier2020lalo,
  title={Monitoring of Lapland longspur reproduction on Bylot Island, Nunavut, Canada},
  author={Gauthier, G and B{\^e}ty, Jo{\"e}l},
  howpublished={\href{https://nordicana.cen.ulaval.ca/dpage.aspx?doi=45576CE-75E2938693214B96}{https://nordicana.cen.ulaval.ca/dpage.aspx?doi=45576CE-75E2938693214B96}},
  year={2020}
}

%Lemmings monitoring Bylot
@misc{gauthier2020lemmings,
  title={Lemming monitoring on Bylot Island, Nunavut, Canada},
  author={Gauthier, G},
  howpublished={\href{https://nordicana.cen.ulaval.ca/dpage.aspx?doi=45400AW-9891BD76704C4CE2}{https://nordicana.cen.ulaval.ca/dpage.aspx?doi=45400AW-9891BD76704C4CE2}},
  year={2020}
}

%Daily obs Bylot
@misc{gauthier2020daily,
  title={Relative abundance of tundra bird and mammal species encountered daily on Bylot Island, Nunavut, Canada, v. 1.0 (2007-2019)},
  author={Gauthier, G and Cadieux, MC},
  howpublished={\href{https://nordicana.cen.ulaval.ca/dpage.aspx?doi=45645CE-A24D883A6676492E}{https://nordicana.cen.ulaval.ca/dpage.aspx?doi=45645CE-A24D883A6676492E}},
  year={2020}
}


%Minimum arctic fox density camera traps
@phdthesis{royerboutin2015,
  title={Effets des cycles de lemmings sur le succ{\`e}s de nidification d'oiseaux diff{\'e}rant par leur taille corporelle et leur comportement},
  author={Royer-Boutin, Pascal},
  year={2015},
  school={Universit{\'e} du Qu{\'e}bec {\`a} Rimouski}
}

%Snow goose nest close to snowy owl
@article{tremblay1997,
  title={Factors affecting nesting success in greater snow geese: Effects of habitat and association with snowy owls},
  author={Tremblay, Jean-Pierre and Gauthier, Gilles and Lepage, Denis and Desrochers, Andr{\'e}},
  journal={The Wilson Bulletin},
  pages={449--461},
  year={1997},
  publisher={JSTOR}
}

%Arctic fox stay resident even in low lemming years
@article{lai2017,
  title={Movement tactics of a mobile predator in a meta-ecosystem with fluctuating resources: the arctic fox in the High Arctic},
  author={Lai, Sandra and B{\^e}ty, Jo{\"e}l and Berteaux, Dominique},
  journal={Oikos},
  volume={126},
  number={7},
  pages={937--947},
  year={2017},
  publisher={Wiley Online Library}
}

% Fox equipped with ARGOS GPS
@article{lai2015,
  title={Spatio--temporal hotspots of satellite--tracked arctic foxes reveal a large detection range in a mammalian predator},
  author={Lai, Sandra and B{\^e}ty, Jo{\"e}l and Berteaux, Dominique},
  journal={Movement ecology},
  volume={3},
  number={1},
  pages={1--10},
  year={2015},
  publisher={BioMed Central}
}

% Lethal and live trapping lemmings
@article{fauteux2018,
  title={Evaluation of invasive and non-invasive methods to monitor rodent abundance in the Arctic},
  author={Fauteux, Dominique and , Gilles and Mazerolle, Marc J and Coallier, Nicolas and B{\^e}ty, Jo{\"e}l and Berteaux, Dominique},
  journal={Ecosphere},
  volume={9},
  number={2},
  pages={e02124},
  year={2018},
  publisher={Wiley Online Library}
}

%Lemming density and jaeger breeding propensity
@article{seyer2023,
  title={Local food availability and nonbreeding carry-over effects affect breeding propensity and success of a tundra-nesting predator, the Long-tailed Jaeger},
  author={Seyer, Yannick and Gauthier, Gilles and B{\^e}ty, Jo{\"e}l and Therrien, Jean-Fran{\c{c}}ois and Legagneux, Pierre and Lecomte, Nicolas},
  journal={Ornithology},
  volume={140},
  number={4},
  pages={ukad032},
  year={2023},
  publisher={Oxford University Press US}
}

%Long-tailed jaeger mesic nesting habitat
@article{andersson1971,
  title={Breeding behaviour of the Long-tailed Skua Stercorarius longicaudus (Vieillot)},
  author={Andersson, Malte},
  journal={Ornis Scandinavica},
  pages={35--54},
  year={1971},
  publisher={JSTOR}
}

%American golden-plover mesic nesting habitat
@book{parmelee1967,
  title={The birds of southeastern Victoria Island and adjacent small islands},
  author={Parmelee, David Freeland and Stephens, HA and Schmidt, Richard H},
  number={78},
  year={1967},
  publisher={Queen's Printer}
}

%Black bellied plover nesting mesic habitat
@article{drury1961,
  title={The breeding biology of shorebirds on Bylot Island, Northwest Territories, Canada},
  author={Drury, William H},
  journal={The Auk},
  volume={78},
  number={2},
  pages={176--219},
  year={1961},
  publisher={JSTOR}
}

%Ermine density David
@article{bolduc2023,
  title={Testimonials to reconstruct past abundances of wildlife populations},
  author={Bolduc, David and Fauteux, Dominique and Gagnon, Catherine A and Gauthier, Gilles and B{\^e}ty, Jo{\"e}l and Legagneux, Pierre},
  journal={Basic and Applied Ecology},
  volume={68},
  pages={23--34},
  year={2023},
  publisher={Elsevier}
}

%Fauteux daily obs lemming
@article{fauteux2018,
  title={Evaluation of invasive and non-invasive methods to monitor rodent abundance in the Arctic},
  author={Fauteux, Dominique and Gauthier, Gilles and Mazerolle, Marc J and Coallier, Nicolas and B{\^e}ty, Jo{\"e}l and Berteaux, Dominique},
  journal={Ecosphere},
  volume={9},
  number={2},
  pages={e02124},
  year={2018},
  publisher={Wiley Online Library}
}

%Snow goose non-breeding left earlier in the season
@article{reed2003,
  title={Molt migration in relation to breeding success in greater snow geese},
  author={Reed, Eric T and B{\^e}ty, Jo{\"e}l and Mainguy, Julien and Gauthier, Gilles and Giroux, Jean-Fran{\c{c}}ois},
  journal={Arctic},
  pages={76--81},
  year={2003},
  publisher={JSTOR}
}

%Proportion of juveniles in fall
@techreport{lefebvre2023,
title={Population and productivity surveys of greater snow geese in 2022},
author={Lefebvre, Jos{\'e}e and Legagneux, Pierre and Cadieux, Marie-Christine and Gauthier, Gilles},
institution= {Canadian Wildlife Service},
year={2023},
month={February}
}

%Snow abundance relatively stable since 1999
@article{lefebvre2017,
  title={The greater  goose Anser caerulescens atlanticus: Managing an overabundant population},
  author={Lefebvre, Jos{\'e}e and Gauthier, Gilles and Giroux, Jean-Fran{\c{c}}ois and Reed, Austin and Reed, Eric T and B{\'e}langer, Luc},
  journal={Ambio},
  volume={46},
  pages={262--274},
  year={2017},
  publisher={Springer}
}

%Snow bunting breeding habitat
@misc{montgomerie2020,
  title={Snow Bunting (Plectrophenax nivalis), version 1.0 in Birds of the World},
  author={Montgomerie, R and Lyon, B},
  howpublished={\href{https://doi.org/10.2173/bow.snobun.01}{https://doi.org/10.2173/bow.snobun.01}},
  year={2020},
  note={Accessed: 2023-12-20}
}

%American pipit breeding habitat
@misc{hendricks2020,
  title={American Pipit (Anthus rubescens), version 1.0},
  author={Hendricks, P and Verbeek, N A},
  howpublished={\href{https://doi.org/10.2173/bow.amepip.01}{https://doi.org/10.2173/bow.amepip.01}},
  year={2020},
  note={Accessed: 2023-12-20}
}

%Horned lark breeding habitat
@misc{beason2020,
  title={Horned Lark (Eremophila alpestris), version 1.0 in Birds of the World},
  author={Beason, R. C.},
  howpublished={\href{https://doi.org/10.2173/bow.horlar.01}{https://doi.org/10.2173/bow.horlar.01}},
  year={2020},
  note="Accessed: 2023-12-20"
}

%vertebrates species composition
@article{moisan2023,
  title={Scaling migrations to communities: An empirical case of migration network in the Arctic},
  author={Moisan, Louis and Gravel, Dominique and Legagneux, Pierre and Gauthier, Gilles and L{\'e}andri-Breton, Don-Jean and Somveille, Marius and Therrien, Jean-Fran{\c{c}}ois and Lamarre, Jean-Fran{\c{c}}ois and B{\^e}ty, Jo{\"e}l},
  journal={Frontiers in Ecology and Evolution},
  volume={10},
  pages={1077260},
  year={2023},
  publisher={Frontiers}
}

%Correlation breeding propensity and proportion of young in fall
@article{reed2004,
  title={Effects of spring conditions on breeding propensity of greater snow goose females},
  author={Reed, Eric T and Gauthier, Gilles and Giroux, J-F},
  journal={Animal Biodiversity and Conservation},
  volume={27},
  number={1},
  pages={35--46},
  year={2004}
}

%Snow goose breeding association snowy owl
@article{lepage1996,
  title={Breeding-site infidelity in greater snow geese: a consequence of constraints on laying date?},
  author={Lepage, Denis and Gauthier, Gilles and Reed, Austin},
  journal={Canadian Journal of Zoology},
  volume={74},
  number={10},
  pages={1866--1875},
  year={1996},
  publisher={NRC Research Press Ottawa, Canada}
}


@article{seyer2020,
  title={Resource partitioning among avian predators of the Arctic tundra},
  author={Seyer, Yannick and Gauthier, Gilles and Fauteux, Dominique and Therrien, Jean-Fran{\c{c}}ois},
  journal={Journal of Animal Ecology},
  volume={89},
  number={12},
  pages={2934--2945},
  year={2020},
  publisher={Wiley Online Library}
}

@article{gruyer2008,
  title={Cyclic dynamics of sympatric lemming populations on Bylot Island, Nunavut, Canada},
  author={Gruyer, Nicolas and Gauthier, Gilles and Berteaux, Dominique},
  journal={Canadian Journal of Zoology},
  volume={86},
  number={8},
  pages={910--917},
  year={2008}
}

@article{souchay2014,
  title={To breed or not: a novel approach to estimate breeding propensity and potential trade-offs in an Arctic-nesting species},
  author={Souchay, Guillaume and Gauthier, Gilles and Pradel, Roger},
  journal={Ecology},
  volume={95},
  number={10},
  pages={2745--2756},
  year={2014},
  publisher={Wiley Online Library}
}

@article{morrissette2010climate,
  title={Climate, trophic interactions, density dependence and carry-over effects on the population productivity of a migratory Arctic herbivorous bird},
  author={Morrissette, Manon and B{\^e}ty, Jo{\"e}l and Gauthier, Gilles and Reed, Austin and Lefebvre, Jos{\'e}e},
  journal={Oikos},
  volume={119},
  number={7},
  pages={1181--1191},
  year={2010},
  publisher={Wiley Online Library}
}

@article{resendiz2020,
  title={Consequences of a changing environment on the breeding phenology and reproductive success components in a long-distance migratory bird},
  author={Res{\'e}ndiz-Infante, Cynthia and Gauthier, Gilles and Souchay, Guillaume},
  journal={Population Ecology},
  volume={62},
  number={2},
  pages={284--296},
  year={2020},
  publisher={Wiley Online Library}
}

@article{christin2015,
  title={Evaluation of Argos telemetry accuracy in the High-Arctic and implications for the estimation of home-range size},
  author={Christin, Sylvain and St-Laurent, Martin-Hugues and Berteaux, Dominique},
  journal={PLoS One},
  volume={10},
  number={11},
  pages={e0141999},
  year={2015},
  publisher={Public Library of Science San Francisco, CA USA}
}


@article{seyer2020,
  title={Resource partitioning among avian predators of the Arctic tundra},
  author={Seyer, Yannick and Gauthier, Gilles and x, Dominique and Therrien, Jean-Fran{\c{c}}ois},
  journal={Journal of Animal Ecology},
  volume={89},
  number={12},
  pages={2934--2945},
  year={2020},
  publisher={Wiley Online Library}
}

 @Manual{dplyr,
    title = {dplyr: A Grammar of Data Manipulation},
    author = {Hadley Wickham and Romain François and Lionel Henry and Kirill Müller and Davis Vaughan},
    year = {2023},
    note = {R package version 1.1.4},
    url = {https://CRAN.R-project.org/package=dplyr},
  }
  
  @article{sf,
  title={Simple features for R: standardized support for spatial vector data.},
  author={Pebesma, Edzer J and others},
  journal={R J.},
  volume={10},
  number={1},
  pages={439},
  year={2018}
}

@article{morrissette2010,
  title={Climate, trophic interactions, density dependence and carry-over effects on the population productivity of a migratory Arctic herbivorous bird},
  author={Morrissette, Manon and B{\^e}ty, Jo{\"e}l and Gauthier, Gilles and Reed, Austin and Lefebvre, Jos{\'e}e},
  journal={Oikos},
  volume={119},
  number={7},
  pages={1181--1191},
  year={2010},
  publisher={Wiley Online Library}
}

@book{boccara2010,
  title={Modeling complex systems},
  author={Boccara, Nino and Boccara, Nine},
  volume={1},
  year={2010},
  publisher={Springer}
}

@article{david2017,
  title={Impacts of invasive species on food webs: a review of empirical data},
  author={David, Patrice and Thebault, Elisa and Anneville, Orlane and Duyck, P-F and Chapuis, Elodie and Loeuille, Nicolas},
  journal={Advances in ecological research},
  volume={56},
  pages={1--60},
  year={2017},
  publisher={Elsevier}
}

@article{beauchesne2021,
  title={On the sensitivity of food webs to multiple stressors},
  author={Beauchesne, David and Cazelles, Kevin and Archambault, Philippe and Dee, Laura E and Gravel, Dominique},
  journal={Ecology Letters},
  volume={24},
  number={10},
  pages={2219--2237},
  year={2021},
  publisher={Wiley Online Library}
}

@article{hutchison2020,
  title={Seasonal food webs with migrations: multi-season models reveal indirect species interactions in the Canadian Arctic tundra},
  author={Hutchison, Chantal and Guichard, Fr{\'e}d{\'e}ric and Legagneux, Pierre and Gauthier, Gilles and B{\^e}ty, Jo{\"e}l and Berteaux, Dominique and Fauteux, Dominique and Gravel, Dominique},
  journal={Philosophical Transactions of the Royal Society A},
  volume={378},
  number={2181},
  pages={20190354},
  year={2020},
  publisher={The Royal Society Publishing}
}

@article{legagneux2014,
  title={Arctic ecosystem structure and functioning shaped by climate and herbivore body size},
  author={Legagneux, P and Gauthier, Gilles and Lecomte, N and Schmidt, Niels Martin and Reid, D and Cadieux, McC and Berteaux, D and Bety, Joel and Krebs, CJ and Ims, RA and others},
  journal={Nature Climate Change},
  volume={4},
  number={5},
  pages={379--383},
  year={2014},
  publisher={Nature Publishing Group UK London}
}

@article{griffith2019,
  title={Ecological resilience of Arctic marine food webs to climate change},
  author={Griffith, Gary P and Hop, Haakon and Vihtakari, Mikko and Wold, Anette and Kalhagen, Kjersti and Gabrielsen, Geir Wing},
  journal={Nature Climate Change},
  volume={9},
  number={11},
  pages={868--872},
  year={2019},
  publisher={Nature Publishing Group UK London}
}

@article{david2017,
  title={Impacts of invasive species on food webs: a review of empirical data},
  author={David, Patrice and Thebault, Elisa and Anneville, Orlane and Duyck, P-F and Chapuis, Elodie and Loeuille, Nicolas},
  journal={Advances in ecological research},
  volume={56},
  pages={1--60},
  year={2017},
  publisher={Elsevier}
}

@article{goto2020,
  title={Shifting trophic control of fishery--ecosystem dynamics following biological invasions},
  author={Goto, Daisuke and Dunlop, Erin S and Young, Joelle D and Jackson, Donald A},
  journal={Ecological Applications},
  volume={30},
  number={8},
  pages={e02190},
  year={2020},
  publisher={Wiley Online Library}
}

@article{plaganyi2007,
  title={Models for an ecosystem approach to fisheries},
  author={Plag{\'a}nyi, {\'E}va E},
  year={2007},
  publisher={Food \& Agriculture Org.}
}

@article{okey2004,
  title={A trophic model of a Gal{\'a}pagos subtidal rocky reef for evaluating fisheries and conservation strategies},
  author={Okey, Thomas A and Banks, Stuart and Born, Abraham F and Bustamante, Rodrigo H and Calvopi{\~n}a, M{\'o}nica and Edgar, Graham J and Espinoza, Eduardo and Fari{\~n}a, Jos{\'e} Miguel and Garske, Lauren E and Reck, G{\"u}nther K and others},
  journal={Ecological Modelling},
  volume={172},
  number={2-4},
  pages={383--401},
  year={2004},
  publisher={Elsevier}
}

@article{dahood2020,
  title={Evaluating Antarctic marine protected area scenarios using a dynamic food web model},
  author={Dahood, Adrian and de Mutsert, Kim and Watters, George M},
  journal={Biological conservation},
  volume={251},
  pages={108766},
  year={2020},
  publisher={Elsevier}
}

@incollection{ims2013,
  title={Arctic Biodiversity Assessment. Status and trends in Arctic biodiversity.: Terrestrial Ecosystems.--Chapter 12},
  author={Ims, Rolf and Ehrich, Dorothee and Forbes, Bruce and Huntley, Brian and Walker, Donald and Wookey, Philip A},
  booktitle={Arctic Biodiversity Assessment. Status and trends in Arctic biodiversity.},
  pages={384},
  year={2013},
  publisher={Conservation of Arctic Flora and Fauna (CAFF)}
}

@incollection{payer2013,
  title={Arctic Biodiversity Assessment. Status and trends in Arctic biodiversity.: Species Diversity in the Arctic.--Chapter 2},
  author={Payer, David C and Josefson, Alf B and Fjeldsa, Jon},
  booktitle={Arctic Biodiversity Assessment. Status and trends in Arctic biodiversity.},
  pages={66},
  year={2013},
  publisher={Conservation of Arctic Flora and Fauna (CAFF)}
}

@article{gauthier2011,
  title={The tundra food web of Bylot Island in a changing climate and the role of exchanges between ecosystems},
  author={Gauthier, Gilles and Berteaux, Dominique and B{\^e}ty, Jo{\"e}l and Tarroux, Arnaud and Therrien, Jean-Fran{\c{c}}ois and McKinnon, Laura and Legagneux, Pierre and Cadieux, Marie-Christine},
  journal={Ecoscience},
  volume={18},
  number={3},
  pages={223--235},
  year={2011},
  publisher={Taylor \& Francis}
}

@article{lai2022,
  title={Red foxes at their northern edge: competition with the Arctic fox and winter movements},
  author={Lai, Sandra and Warret Rodrigues, Chlo{\'e} and Gallant, Daniel and Roth, James D and Berteaux, Dominique},
  journal={Journal of Mammalogy},
  volume={103},
  number={3},
  pages={586--597},
  year={2022},
  publisher={Oxford University Press US}
}

@article{kemp1990,
  title={Patterns of vegetation and grasshopper community composition},
  author={Kemp, WP and Harvey, SJ and O'neill, KM},
  journal={Oecologia},
  volume={83},
  pages={299--308},
  year={1990},
  publisher={Springer}
}

@article{philippi1998,
  title={Detecting trends in species composition},
  author={Philippi, Thomas E and Dixon, Philip M and Taylor, Barbara E},
  journal={Ecological applications},
  volume={8},
  number={2},
  pages={300--308},
  year={1998},
  publisher={Wiley Online Library}
}

@article{magurran2007,
  title={Species abundance distributions over time},
  author={Magurran, Anne E},
  journal={Ecology letters},
  volume={10},
  number={5},
  pages={347--354},
  year={2007},
  publisher={Wiley Online Library}
}

@article{cohen2003,
  title={Ecological community description using the food web, species abundance, and body size},
  author={Cohen, Joel E and Jonsson, Tomas and Carpenter, Stephen R},
  journal={Proceedings of the national academy of sciences},
  volume={100},
  number={4},
  pages={1781--1786},
  year={2003},
  publisher={National Acad Sciences}
}

@book{hubbell2001,
url = {https://doi.org/10.1515/9781400837526},
title = {The Unified Neutral Theory of Biodiversity and Biogeography (MPB-32)},
author = {Stephen P. Hubbell},
publisher = {Princeton University Press},
address = {Princeton},
doi = {doi:10.1515/9781400837526},
isbn = {9781400837526},
year = {2001},
lastchecked = {2024-06-18}
}

@article{mccann2005,
  title={The dynamics of spatially coupled food webs},
  author={McCann, Kevin S and Rasmussen, JB and Umbanhowar, James},
  journal={Ecology letters},
  volume={8},
  number={5},
  pages={513--523},
  year={2005},
  publisher={Wiley Online Library}
}

@article{magurran2010,
  title={Long-term datasets in biodiversity research and monitoring: assessing change in ecological communities through time},
  author={Magurran, Anne E and Baillie, Stephen R and Buckland, Stephen T and Dick, Jan McP and Elston, David A and Scott, E Marian and Smith, Rognvald I and Somerfield, Paul J and Watt, Allan D},
  journal={Trends in ecology \& evolution},
  volume={25},
  number={10},
  pages={574--582},
  year={2010},
  publisher={Elsevier}
}

@article{lindenmayer2012,
  title={Value of long-term ecological studies},
  author={Lindenmayer, David B and Likens, Gene E and Andersen, Alan and Bowman, David and Bull, C Michael and Burns, Emma and Dickman, Chris R and Hoffmann, Ary A and Keith, David A and Liddell, Michael J and others},
  journal={Austral Ecology},
  volume={37},
  number={7},
  pages={745--757},
  year={2012},
  publisher={Wiley Online Library}
}

@article{gauthier2011,
  title={The tundra food web of Bylot Island in a changing climate and the role of exchanges between ecosystems},
  author={Gauthier, Gilles and Berteaux, Dominique and B{\^e}ty, Jo{\"e}l and Tarroux, Arnaud and Therrien, Jean-Fran{\c{c}}ois and McKinnon, Laura and Legagneux, Pierre and Cadieux, Marie-Christine},
  journal={Ecoscience},
  volume={18},
  number={3},
  pages={223--235},
  year={2011},
  publisher={Taylor \& Francis}
}

@article{krebs2003,
  title={Terrestrial trophic dynamics in the Canadian Arctic},
  author={Krebs, Charles J and Danell, Kjell and Angerbj{\"o}rn, Anders and Agrell, Jep and Berteaux, Dominique and Br{\aa}then, Kari Anne and Danell, {\"O}je and Erlinge, Sam and Fedorov, Vadim and Fredga, Karl and others},
  journal={Canadian journal of Zoology},
  volume={81},
  number={5},
  pages={827--843},
  year={2003},
  publisher={NRC Research Press Ottawa, Canada}
}

@article{lamarre2021,
  title={Timing of breeding site availability across the North-American Arctic partly determines spring migration schedule in a long-distance neotropical migrant},
  author={Lamarre, Jean-Fran{\c{c}}ois and Gauthier, Gilles and Lanctot, Richard B and Saalfeld, Sarah T and Love, Oliver P and Reed, Eric and Johnson, Oscar W and Liebezeit, Joe and McGuire, Rebecca and Russell, Mike and others},
  journal={Frontiers in Ecology and Evolution},
  volume={9},
  pages={710007},
  year={2021},
  publisher={Frontiers Media SA}
}

@article{leandri2019,
  title={Seasonal variation in migration strategies used to cross ecological barriers in a nearctic migrant wintering in Africa},
  author={L{\'e}andri-Breton, Don-Jean and Lamarre, Jean-Fran{\c{c}}ois and B{\^e}ty, Jo{\"e}l},
  journal={Journal of avian biology},
  volume={50},
  number={6},
  year={2019},
  publisher={Wiley Online Library}
}

@article{therrien2012,
  title={Survival and reproduction of adult snowy owls tracked by satellite},
  author={Therrien, Jean-Fran{\c{c}}ois and Gauthier, Gilles and B{\^e}ty, Jo{\"e}l},
  journal={The Journal of Wildlife Management},
  volume={76},
  number={8},
  pages={1562--1567},
  year={2012},
  publisher={Wiley Online Library}
}

@article{robillard2018,
  title={Wintering space use and site fidelity in a nomadic species, the snowy owl},
  author={Robillard, Audrey and Gauthier, Gilles and Therrien, Jean-Fran{\c{c}}ois and B{\^e}ty, Jo{\"e}l},
  journal={Journal of Avian Biology},
  volume={49},
  number={5},
  pages={jav--01707},
  year={2018},
  publisher={Wiley Online Library}
}

@article{gauthier2015,
  title={Diet and reproductive success of an Arctic generalist predator: Interplay between variations in prey abundance, nest site location, and intraguild predation},
  author={Gauthier, Gilles and Legagneux, Pierre and Valiquette, Marc-Andr{\'e} and Cadieux, Marie-Christine and Therrien, Jean-Fran{\c{c}}ois},
  journal={The Auk: Ornithological Advances},
  volume={132},
  number={3},
  pages={735--747},
  year={2015},
  publisher={Oxford University Press}
}

@article{seyer2019,
  title={Sexing a monomorphic plumage seabird using morphometrics and assortative mating},
  author={Seyer, Yannick and Gauthier, Gilles and Bernatchez, Louis and Therrien, Jean-Fran{\c{c}}ois},
  journal={Waterbirds},
  volume={42},
  number={4},
  pages={380--392},
  year={2019},
  publisher={BioOne}
}

@article{lecomte2008,
  title={Breeding dispersal in a heterogeneous landscape: the influence of habitat and nesting success in greater snow geese},
  author={Lecomte, Nicolas and Gauthier, Gilles and Giroux, Jean-Fran{\c{c}}ois},
  journal={Oecologia},
  volume={155},
  pages={33--41},
  year={2008},
  publisher={Springer}
}


@article{bilodeau2013,
  title={Effet du couvert nival, de la nourriture et de la pr{\'e}dation hivernale sur la dynamique de population des lemmings},
  author={Bilodeau, Fr{\'e}d{\'e}ric},
  year={2013}
}
